@inproceedings{alvarez09,
  title={Latent force models},
  author={Mauricio, A and Luengo, David and Lawrence, Neil D and others},
  booktitle={International Conference on Artificial Intelligence and Statistics},
  pages={9--16},
  year={2009}
}

@inproceedings{reece10,
  title={An introduction to Gaussian processes for the Kalman filter expert},
  author={Reece, Steven and Roberts, Stephen},
  booktitle={Information Fusion (FUSION), 2010 13th Conference on},
  pages={1--9},
  year={2010},
  organization={IEEE}
}
